@online{Pandora2024,
  author    = {Pandora, Team},
  title     = {Comandos de red fundamentales para utilizar en Windows y Linux},
  year      = {2024},
  url       = {https://pandorafms.com/blog/es/comandos-de-red/},  
}

@online{IONOS2022,
  author    = {IONOS, Team},
  title     = {Comandos netstat para Windows, Mac y Linux},
  year      = {2022},
  url       = {https://www.ionos.mx/digitalguide/servidores/herramientas/comandos-netstat/},  
}

@online{ComandDIG,
  author    = {Deyimar, A},
  title     = {Cómo usar el comando Dig en Linux},
  year      = {2023},
  url       = {https://www.hostinger.mx/tutoriales/comando-dig-linux},  
}

@online{IONOSARP,
  author    = {IONOS, Team},
  title     = {¿Qué es el ARP (Address Resolution Protocol)?},
  year      = {2019},
  url       = {https://www.ionos.mx/digitalguide/servidores/know-how/arp-resolucion-de-direcciones-en-la-red/},  
}

@online{IONOSNAT,
  author    = {IONOS, Team},
  title     = {¿Qué es Netcat y cómo funciona?},
  year      = {2021},
  url       = {https://www.ionos.mx/digitalguide/servidores/herramientas/netcat/},  
}

@online{UserRoot,
  author    = {Gonzalo, Caminos},
  title     = {Qué es el superusuario en Linux y cuál es su importancia},
  year      = {2015},
  url       = {https://hipertextual.com/2015/10/superusuario-en-linux},  
}

@online{RootSU,
  author = {kubuntu},
  title = {Usuario "root" y sudo},
  url = {https://help.ubuntu.com/kubuntu/desktopguide/es/root-and-sudo.html},
}

@online{chmod,
  author    = {IONOS, Team},
  title     = {¿Qué es chmod?},
  year      = {2022},
  url       = {https://www.ionos.mx/digitalguide/servidores/know-how/asignacion-de-permisos-de-acceso-con-chmod/},  
}

@online{mv,
  author    = {IONOS, Team},
  title     = {Comando mv de Linux: para mover archivos y directorios},
  year      = {2023},
  url       = {https://www.ionos.mx/digitalguide/servidores/configuracion/comando-mv-de-linux/},  
}

@online{grep,
  author    = {Gustavo, B.},
  title     = {Comando Grep de Linux: cómo utilizarlo y ejemplos útiles},
  year      = {2023},
  url       = {https://www.hostinger.mx/tutoriales/comando-grep-linux#%C2%BFPara_que_sirve_el_comando_grep},  
}

@online{cat,
  author    = {Gustavo, B.},
  title     = {Comando cat de Linux: para qué sirve y ejemplos de uso},
  year      = {2023},
  url       = {https://www.hostinger.mx/tutoriales/comando-cat-linux#%C2%BFQue_es_el_comando_cat_de_Linux},  
}
